% This file was created with JabRef 2.8.1.
% Encoding: Cp1252

@MISC{etilbudsavis,
  author = {etilbudsavis},
  title = {\textit{eTilbudsavis}},
  howpublished = {\url{www.etilbudsavis.dk}},
  month = {2009},
  note = {En hjemmeside til at finde tilbud i butikker udfra butikkernes tilbudsavis.},
  owner = {Johan 'Jizztærsker'},
  timestamp = {2015.03.02}
}

@MISC{recipe_woman,
  author = {PBL MEDIA PTY LtD.},
  title = {\texit{Woman's Day 100 Budget Meals}},
  howpublished = {\url{https://itunes.apple.com/us/app/womans-day-100-budget-meals/id650712913?ls=1&mt=8}},
  month = {June 11th},
  year = {2013},
  note = {Application for finding suited recipes},
  owner = {Johan 'Jizztærsker'},
  timestamp = {2015.03.02}
}

@MISC{recipe_SC,
  author = {NetSummitApps},
  title = {\textit{Slow Cooker Recipes}},
  howpublished = {\url{https://play.google.com/store/apps/details?id=com.netsummitapps.slowcooker&hl=en}},
  month = {December 29th},
  year = {2014},
  note = {Application with recipes for a Slow Cooker},
  owner = {Johan 'Jizztærsker'},
  timestamp = {2015.03.02}
}

@MISC{recipe_FN,
  author = {Television Food Network},
  title = {\text{Food Network In the Kitchen}},
  howpublished = {\url{https://play.google.com/store/apps/details?id=com.scripps.android.foodnetwork&hl=en}},
  month = {july 28th},
  year = {2014},
  note = {Application for finding suited recipes},
  owner = {Johan 'Jizztærsker'},
  timestamp = {2015.03.02}
}

@MISC{recipe_supercook,
  author = {Assaf Rozenblatt},
  title = {\texit{Supercook}},
  howpublished = {\url{http://www.supercook.com/}},
  note = {A website for finding recipes based on what you already have in your
	kitchen},
  owner = {Johan 'Jizztærsker'},
  timestamp = {2015.03.02}
}

